%% This BibTeX bibliography file was created using BibDesk.
%% http://bibdesk.sourceforge.net/

@article{WAMD02,
	Author = {C. Webb and D. Ackerly and M. McPeek and M. Donoghue},
	Date-Added = {2010-08-22 17:48:05 -0600},
	Date-Modified = {2010-08-22 17:48:45 -0600},
	Journal = {Annu. Rev. Ecol. Syst.},
	Number = {1},
	Title = {Phylogenies and Communtiy Ecology},
	Volume = {33},
	Year = {2002}}

@article{WE08,
	Author = {M. Wu and J. Eisen},
	Date-Added = {2010-08-22 17:46:19 -0600},
	Date-Modified = {2010-08-22 17:47:14 -0600},
	Journal = {Genome Biology},
	Number = {10},
	Pages = {R151},
	Title = {A Simple, Fast, and Accurate Method of Phylogenomic Inference},
	Volume = {9},
	Year = {2008}}

@article{Ell08,
	Author = {H. Ellegren},
	Date-Added = {2010-08-22 17:43:06 -0600},
	Date-Modified = {2010-08-22 17:43:57 -0600},
	Journal = {Molecular Ecology},
	Number = {21},
	Pages = {4586-4596},
	Title = {Comparative Genomics and the Study of Evolution by Natural Selection},
	Volume = {17},
	Year = {2008}}

@article{cdao-evol,
	Author = {F. Prosdocimi and B. Chisham and E. Pontelli and J.D. Thompson and A. Stoltzfus},
	Date-Added = {2010-06-18 05:02:27 -0600},
	Date-Modified = {2010-06-18 05:05:39 -0600},
	Journal = {Evolutionary Bioinformatics},
	Month = {July},
	Pages = {47-66},
	Title = {Initial Implementation of a Comparative Data Analysis Ontology},
	Volume = {5},
	Year = {2009}}
@techreport{evoio,
	Author = {A. Stoltzfus and N. Cellinese and K. Cranston and H. Lapp and S. McKay and E. Pontelli and R. Vos},
	Date-Added = {2010-06-18 05:34:27 -0600},
	Date-Modified = {2010-06-25 09:38:37 -0600},
	Institution = {National Evolutionary Synthesis Center},
	Title = {The EvoIO INTEROP Project},
	Type = {\url{http://www.evoio.org/wiki/Main_Page}},
	Year = {2009}}
@misc{nexml,
	Author = {R. Vos},
	Date-Added = {2010-06-25 09:49:30 -0600},
	Date-Modified = {2010-06-25 09:52:04 -0600},
	Howpublished = {\url{http://www.nexml.org}},
	Title = {{\tt nexml}: Phylogenetic Data in XML},
	Year = {2008}}

@techreport{phylows,
	Author = {H. Lapp and R. Vos},
	Date-Added = {2010-06-25 09:53:23 -0600},
	Date-Modified = {2010-06-25 09:54:35 -0600},
	Institution = {National Evolutionary Synthesis Center},
	Title = {Phyloinformatics Web Services API: Overview},
	Type = {\url{https://www.nescent.org/wg/evoinfo/index.php?title=PhyloWS}},
	Year = {2009}}

@misc{WebService,
	Title = {Web Services Glossary},
	Date-Modified = {2004-02-11},
	Howpublished ={\url{http://www.w3.org/TR/ws-gloss/}}}

@ARTICLE{Fielding02principleddesign,
    author = {Roy T. Fielding and Day Software and Richard N. Taylor},
    title = {Principled Design of the Modern Web Architecture},
    journal = {ACM Transactions on Internet Technology},
    year = {2002},
    volume = {2},
    pages = {115--150}
}
@misc{PhyloWSWiki,
	Title = {PhyloWS/REST},
	Date-Modified = {2009-06-15},
	Howpublished = {\url{www.nescent.org/wg_evoinfo/PhyloWS/REST}}}
@misc{treebasePhyloWS,
	Title = {SourceForge.net: API - treebase},
	Date-Modified = {2010-03-10},
	Howpublished = {\url{http://sourceforge.net/apps/mediawiki/treebase/index.php?title=API}}}

@conference{queries,
	Author = {L. Nakhleh and D. Miranker and F. Barbancon},
	Booktitle = {Third IEEE Symposium on Bioinformatics and Bioengineering },
	Date-Added = {2010-08-27 22:01:16 -0600},
	Date-Modified = {2010-08-27 22:02:45 -0600},
	Organization = {IEEE },
	Pages = {141-148},
	Title = {Requirements of Phylogenetic Databases},
	Year = {2003}}

@techreport{sparql,
	Author = {E. Prud'hommeaux and A. Seaborne},
	Date-Added = {2010-08-27 21:44:29 -0600},
	Date-Modified = {2010-08-27 21:45:56 -0600},
	Institution = {W3C},
	Number = {REC-rdf-sparql-query-20080115},
	Title = {{SPARQL Query Language for RDF}},
	Year = {2008}}

@book{prolog,
	Author = {E. Shapiro and L. Sterling},
	Date-Added = {2010-08-27 22:21:35 -0600},
	Date-Modified = {2010-08-27 22:25:34 -0600},
	Publisher = {The MIT Press},
	Title = {The Art of Prolog},
	Year = {1994}}

@misc{treebase,
	Author = {},
	Date-Added = {2010-08-31 20:53 -0600},
	Date-Modified = {2010-08-31 20:54 -0600},
	Howpublished = {\url{http://www.treebase.org}},
	Title = { TreeBASE},
	Year = {2010}}