%% This BibTeX bibliography file was created using BibDesk.
%% http://bibdesk.sourceforge.net/


%% Created for ENRICO PONTELLI at 2010-08-22 19:04:49 -0600 


%% Saved with string encoding Unicode (UTF-8) 

@book{prolog,
	Author = {E. Shapiro and L. Sterling},
	Date-Added = {2010-08-27 22:21:35 -0600},
	Date-Modified = {2010-08-27 22:25:34 -0600},
	Publisher = {The MIT Press},
	Title = {The Art of Prolog},
	Year = {1994}}

@conference{queries,
	Author = {L. Nakhleh and D. Miranker and F. Barbancon},
	Booktitle = {Third IEEE Symposium on Bioinformatics and Bioengineering },
	Date-Added = {2010-08-27 22:01:16 -0600},
	Date-Modified = {2010-08-27 22:02:45 -0600},
	Organization = {IEEE },
	Pages = {141-148},
	Title = {Requirements of Phylogenetic Databases},
	Year = {2003}}

@techreport{sparql,
	Author = {E. Prud'hommeaux and A. Seaborne},
	Date-Added = {2010-08-27 21:44:29 -0600},
	Date-Modified = {2010-08-27 21:45:56 -0600},
	Institution = {W3C},
	Number = {REC-rdf-sparql-query-20080115},
	Title = {{SPARQL Query Language for RDF}},
	Year = {2008}}

@article{mega,
	Author = {S. Kumar and J. Dudley and M. Nei and K. Tamura},
	Date-Added = {2010-08-23 22:41:33 -0600},
	Date-Modified = {2010-08-23 22:42:33 -0600},
	Journal = {Briefings in Bioinformatics},
	Pages = {299-306},
	Title = {{MEGA: A Biologist-centric Software for Evolutionary Analysis of DNA and Protein Sequences}},
	Volume = {9},
	Year = {2008}}

@article{phylip,
	Author = {J. Felsenstein},
	Date-Added = {2010-08-23 22:39:58 -0600},
	Date-Modified = {2010-08-23 22:40:54 -0600},
	Journal = {Cladistics},
	Pages = {164-166},
	Title = {{PHYLIP: Phylogeny Inference Package}},
	Volume = {5},
	Year = {1989}}

@article{nexus,
	Author = {D. Maddison and D. Swofford and W. Maddison},
	Date-Added = {2010-08-23 22:33:09 -0600},
	Date-Modified = {2010-08-23 22:35:04 -0600},
	Journal = {Syst. Biol.},
	Number = {4},
	Pages = {590-621},
	Title = {{NEXUS: an Extensible File Format for Systematic Information}},
	Volume = {46},
	Year = {1997}}

@techreport{Skl01,
	Author = {N. Sklyar},
	Date-Added = {2010-08-22 18:58:47 -0600},
	Date-Modified = {2010-08-22 19:02:34 -0600},
	Institution = {University of Leipzig},
	Title = {Survey of Existing Bio-Ontologies},
	Year = {2001}}

@article{SK02,
	Author = {S. Schulze-Kremer},
	Date-Added = {2010-08-22 18:57:31 -0600},
	Date-Modified = {2010-08-22 18:58:34 -0600},
	Journal = {In Silico Biology},
	Number = {17},
	Title = {Ontologies for Molecular Biology and Bioinformatics},
	Volume = {2},
	Year = {2002}}

@article{WAMD02,
	Author = {C. Webb and D. Ackerly and M. McPeek and M. Donoghue},
	Date-Added = {2010-08-22 17:48:05 -0600},
	Date-Modified = {2010-08-22 17:48:45 -0600},
	Journal = {Annu. Rev. Ecol. Syst.},
	Number = {1},
	Title = {Phylogenies and Communtiy Ecology},
	Volume = {33},
	Year = {2002}}

@article{WE08,
	Author = {M. Wu and J. Eisen},
	Date-Added = {2010-08-22 17:46:19 -0600},
	Date-Modified = {2010-08-22 17:47:14 -0600},
	Journal = {Genome Biology},
	Number = {10},
	Pages = {R151},
	Title = {A Simple, Fast, and Accurate Method of Phylogenomic Inference},
	Volume = {9},
	Year = {2008}}

@article{Ell08,
	Author = {H. Ellegren},
	Date-Added = {2010-08-22 17:43:06 -0600},
	Date-Modified = {2010-08-22 17:43:57 -0600},
	Journal = {Molecular Ecology},
	Number = {21},
	Pages = {4586-4596},
	Title = {Comparative Genomics and the Study of Evolution by Natural Selection},
	Volume = {17},
	Year = {2008}}

@techreport{phylows,
	Author = {H. Lapp and R. Vos},
	Date-Added = {2010-06-25 09:53:23 -0600},
	Date-Modified = {2010-06-25 09:54:35 -0600},
	Institution = {National Evolutionary Synthesis Center},
	Title = {Phyloinformatics Web Services API: Overview},
	Type = {\url{https://www.nescent.org/wg/evoinfo/index.php?title=PhyloWS}},
	Year = {2009}}

@misc{nexml,
	Author = {R. Vos},
	Date-Added = {2010-06-25 09:49:30 -0600},
	Date-Modified = {2010-06-25 09:52:04 -0600},
	Howpublished = {\url{http://www.nexml.org}},
	Title = {{\tt nexml}: Phylogenetic Data in XML},
	Year = {2008}}
@misc{treebasePhyloWS,
	Title = {SourceForge.net: API - treebase},
	Date-Modified = {2010-03-10},
	Howpublished = {\url{http://sourceforge.net/apps/mediawiki/treebase/index.php?title=API}}}
@misc{WebService,
	Title = {Web service},
	Date-Modified = {2010-08-24},
	Howpublished ={\url{http://en.wikipedia.org/wiki/Web_service}}}
@misc{PhyloWSWiki,
	Title = {PhyloWS/REST},
	Date-Modified = {2009-06-15},
	Howpublished = {\url{www.nescent.org/wg_evoinfo/PhyloWS/REST}}}
@techreport{evoio,
	Author = {A. Stoltzfus and N. Cellinese and K. Cranston and H. Lapp and S. McKay and E. Pontelli and R. Vos},
	Date-Added = {2010-06-18 05:34:27 -0600},
	Date-Modified = {2010-06-25 09:38:37 -0600},
	Institution = {National Evolutionary Synthesis Center},
	Title = {The EvoIO INTEROP Project},
	Type = {\url{http://www.evoio.org/wiki/Main_Page}},
	Year = {2009}}

@article{cdao-evol,
	Author = {F. Prosdocimi and B. Chisham and E. Pontelli and J.D. Thompson and A. Stoltzfus},
	Date-Added = {2010-06-18 05:02:27 -0600},
	Date-Modified = {2010-06-18 05:05:39 -0600},
	Journal = {Evolutionary Bioinformatics},
	Month = {July},
	Pages = {47-66},
	Title = {Initial Implementation of a Comparative Data Analysis Ontology},
	Volume = {5},
	Year = {2009}}
